@book{hermes2015xamarin,
  title={Xamarin mobile application development: Cross-platform c\# and xamarin. forms fundamentals},
  author={Hermes, Dan},
  year={2015},
  publisher={Apress}
}
@inproceedings{bernstein2006curve25519,
  title={Curve25519: new Diffie-Hellman speed records},
  author={Bernstein, Daniel J},
  booktitle={International Workshop on Public Key Cryptography},
  pages={207--228},
  year={2006},
  organization={Springer}
}
@incollection{joshi2019asp,
  title={ASP. NET Core Web API},
  author={Joshi, Bipin},
  booktitle={Beginning Database Programming Using ASP. NET Core 3},
  pages={175--226},
  year={2019},
  publisher={Springer}
}
@incollection{gorman2020encryption,
  title={Encryption of Data},
  author={Gorman, Brian L},
  booktitle={Practical Entity Framework},
  pages={399--448},
  year={2020},
  publisher={Springer}
}
@book{seemann2012dependency,
  title={Dependency injection in. NET},
  author={Seemann, Mark},
  year={2012},
  publisher={Manning New York}
}
@article{abdullah2017advanced,
  title={Advanced encryption standard (aes) algorithm to encrypt and decrypt data},
  author={Abdullah, AkoMuhamad},
  journal={Cryptography and Network Security},
  volume={16},
  year={2017}
}
@inproceedings{ethelbert2017json,
  title={A JSON token-based authentication and access management schema for Cloud SaaS applications},
  author={Ethelbert, Obinna and Moghaddam, Faraz Fatemi and Wieder, Philipp and Yahyapour, Ramin},
  booktitle={2017 IEEE 5th International Conference on Future Internet of Things and Cloud (FiCloud)},
  pages={47--53},
  year={2017},
  organization={IEEE}
}
@inproceedings{bernstein2008new,
  title={New AES software speed records},
  author={Bernstein, Daniel J and Schwabe, Peter},
  booktitle={International Conference on Cryptology in India},
  pages={322--336},
  year={2008},
  organization={Springer}
}
@article{singh2013study,
  title={A study of encryption algorithms (RSA, DES, 3DES and AES) for information security},
  author={Singh, Gurpreet},
  journal={International Journal of Computer Applications},
  volume={67},
  number={19},
  year={2013},
  publisher={Citeseer}
}